@Comment{
    Copyright (C) 2008 Andrés M. Sajo C. -- andres_sajo_AT_yahoo.com
    LICENCIA GFDL
    Se autoriza  la  copia, distribución  y/o  modificación  de este documento bajo
    los términos de la Licencia de documentación libre GNU, versión 1.2 o cualquier
    otra que  posteriormente  publique la Free  Software Foundation;  sin secciones
    invariables,  textos  de  portada, ni  textos de  contraportada. Se incluye una
    copia en inglés de dicha licencia en el archivo "GFDL".
}

@BOOK{cmsBarker,
	author = {Deane Barker},
	title = {Web Content Management: Systems, Features, and Best Practices},
	publisher = {O'Reilly Media},
	year = {2016},
	isbn = {978-1491908129}
}

@BOOK{redesTanenbaum,
	author = {Andrew S. Tanenbaum and David J. Wetherall},
	title = {Computer Networks},
	publisher = {Pearson},
	year = {2010},
	isbn = {978-0132126953}
}

@ARTICLE{mvcKrasner,
    author = {Glen E. Krasner and Stephen T. Pope},
    title = {A cookbook for using the model-view-controller user interface paradigm in Smalltalk-80},
    journal = {Journal of Object-Oriented Programming},
    year = {1988},
    volume = {1},
    pages = {26-49}
}

@ONLINE{apiChristensson,
  author = {Per Christensson},
  title = {API Definition.},
  year = {2016},
  url = {https://techterms.com/definition/api},
  urldate = {2018-09-02}
}

@ONLINE{webServiceChristensson,
  author = {Per Christensson},
  title = {Web Service Definition.},
  year = {2017},
  url = {https://techterms.com/definition/web_service},
  urldate = {2018-09-25}
}

@phdthesis{restFielding,
    title = {Architectural Styles and the Design 
    of Network-based Software Architectures},
    school = {University of California},
    author = {Fielding, Roy T.},
    year = {2000}
}

@ONLINE{cSharpMicrosoft,
  author = {Microsoft},
  title = {Introduction to the C\# Language and the .NET Framework.},
  year = {2015},
  url = {https://docs.microsoft.com/en-us/dotnet/csharp/getting-started/introduction-to-the-csharp-language-and-the-net-framework},
  urldate = {2018-09-21}
}

@TechReport{htmlW3C,
  author      = "Sangwhan Moon and Travis Leithead and Arron Eicholz and Alex Danilo and Steve Faulkner",
  title       = "{HTML} 5.2",
  month       = dec,
  note        = "https://www.w3.org/TR/2017/REC-html52-20171214/",
  year        = "2017",
  bibsource   = "http://w2.syronex.com/jmr/w3c-biblio",
  type        = "{W3C} Recommendation",
  institution = "W3C",
}

@TechReport{cssW3C,
  author      = "H\aa{}kon Wium Lie and Chris Lilley and Ian Jacobs and Bert Bos",
  title       = "Cascading Style Sheets, level 2 (CSS2 Specification)",
  month       = apr,
  note        = "http://www.w3.org/TR/2008/REC-CSS2-20080411/",
  year        = "2008",
  bibsource   = "http://w2.syronex.com/jmr/w3c-biblio",
  type        = "{W3C} Recommendation",
  institution = "W3C",
}

@ONLINE{JavaScriptChristensson,
  author = {Per Christensson},
  title = {JavaScript Definition.},
  year = {2014},
  url = {https://techterms.com/definition/javascript},
  urldate = {2018-09-25}
}

@ONLINE{scrumSchwaber,
  author = {Ken Schwaber and Jeff Sutherland},
  title = {The Scrum Guide},
  year = {2017},
  url = {https://www.scrumguides.org/scrum-guide.html},
}
